<?xml version="1.0" encoding="UTF-8"?><collection xmlns="http://www.loc.gov/MARC21/slim"><record><leader>00399nam--2200133-i-4500</leader><controlfield tag="001">000012714</controlfield><controlfield tag="002">20161230</controlfield><controlfield tag="005">20161230201029</controlfield><controlfield tag="008">060222s1000------------r-----000-0-eng-d</controlfield><datafield ind1=" " ind2=" " tag="080"><subfield code="a">621.373.4:621.385.44:621.382.2</subfield></datafield><datafield ind1=" " ind2=" " tag="100"><subfield code="a">Baican , Roman</subfield></datafield><datafield ind1=" " ind2=" " tag="245"><subfield code="a">Oscilatori si amplificatori de microunde cu dispozitive semiconductoare</subfield></datafield><datafield ind1=" " ind2=" " tag="260"><subfield code="a">Bucuresti , Editura Academiei Rsr.,1979. 191p</subfield></datafield><datafield ind1=" " ind2=" " tag="852"><subfield code="a">46158</subfield></datafield></record></collection>